<record><leader>00000cas a22000007a 4500</leader><controlfield tag="001">13780921</controlfield><controlfield tag="008">860626d18751879pauwr ne      0    0ger d</controlfield><datafield ind1=" " ind2=" " tag="010"><subfield code="a">sn 86053535 </subfield></datafield><datafield ind1=" " ind2=" " tag="040"><subfield code="a">NPX</subfield><subfield code="b">eng</subfield><subfield code="c">NPX</subfield><subfield code="d">DLC</subfield><subfield code="d">OCLCQ</subfield></datafield><datafield ind1="0" ind2=" " tag="041"><subfield code="a">gereng</subfield></datafield><datafield ind1=" " ind2=" " tag="042"><subfield code="a">msc</subfield></datafield><datafield ind1="0" ind2=" " tag="130"><subfield code="a">Journal (Honesdale, Pa.)</subfield></datafield><datafield ind1="1" ind2="4" tag="245"><subfield code="a">Das Journal.</subfield></datafield><datafield ind1="1" ind2="3" tag="246"><subfield code="a">Honesdale Journal</subfield></datafield><datafield ind1=" " ind2=" " tag="260"><subfield code="a">Honesdale, Pa. :</subfield><subfield code="b">N. Kiefer</subfield></datafield><datafield ind1=" " ind2=" " tag="310"><subfield code="a">Weekly</subfield></datafield><datafield ind1="1" ind2=" " tag="362"><subfield code="a">Began in 1875; ceased in 1879.</subfield></datafield><datafield ind1=" " ind2=" " tag="546"><subfield code="a">In German; some notices in English.</subfield></datafield><datafield ind1=" " ind2=" " tag="588"><subfield code="a">Description based on: Jahrg. 1, Nr. 48 (1. Sept. 1876).</subfield></datafield><datafield ind1=" " ind2=" " tag="752"><subfield code="a">United States</subfield><subfield code="b">Pennsylvania</subfield><subfield code="c">Wayne</subfield><subfield code="d">Honesdale.</subfield></datafield></record>